
@misc{ttyped,
  author={Taran Lynn},
  url={https://github.com/lambda-11235/ttyped}
}

@misc{tplpl,
  author={Taran Lynn},
  url={https://github.com/lambda-11235/TPLPL}
}

@misc{stack,
  title = {The Haskell Tool Stack},
  url = {https://docs.haskellstack.org/},
}

@inproceedings{Milner1997TheDO,
  title={The Definition of Standard ML (Revised)},
  author={Robin Milner and Robert Harper and David B. MacQueen and Mads Tofte},
  year={1997}
}

@inproceedings{Marlow2010Haskell2L,
  title={Haskell 2010 Language Report},
  author={Simon Marlow},
  year={2010}
}

@article{Martelli1982AnEU,
  title={An Efficient Unification Algorithm},
  author={Alberto Martelli and Ugo Montanari},
  journal={ACM Trans. Program. Lang. Syst.},
  year={1982},
  volume={4},
  pages={258-282}
}


@misc{wikiAlgW,
  author = "{Wikipedia contributors}",
  title = "Hindley–Milner type system --- {Wikipedia}{,} The Free Encyclopedia",
  year = "2022",
  url = "https://en.wikipedia.org/w/index.php?title=Hindley%E2%80%93Milner_type_system&oldid=1067862972",
  note = "[Online; accessed 30-January-2022]"
}


@article{Church1940AFO,
  title={A Formulation of the Simple Theory of Types},
  author={Alonzo Church},
  journal={J. Symb. Log.},
  year={1940},
  volume={5},
  pages={56-68}
}


@article{Hindley1969,
 ISSN = {00029947},
 URL = {http://www.jstor.org/stable/1995158},
 author = {R. Hindley},
 journal = {Transactions of the American Mathematical Society},
 pages = {29--60},
 publisher = {American Mathematical Society},
 title = {The Principal Type-Scheme of an Object in Combinatory Logic},
 volume = {146},
 year = {1969}
}


@article{MILNER1978,
    title = {A theory of type polymorphism in programming},
    journal = {Journal of Computer and System Sciences},
    volume = {17},
    number = {3},
    pages = {348-375},
    year = {1978},
    issn = {0022-0000},
    doi = {https://doi.org/10.1016/0022-0000(78)90014-4},
    url = {https://www.sciencedirect.com/science/article/pii/0022000078900144},
    author = {Robin Milner},
}


@inproceedings{Damas1982,
    author = {Damas, Luis and Milner, Robin},
    title = {Principal Type-Schemes for Functional Programs},
    year = {1982},
    isbn = {0897910656},
    publisher = {Association for Computing Machinery},
    address = {New York, NY, USA},
    url = {https://doi.org/10.1145/582153.582176},
    doi = {10.1145/582153.582176},
    booktitle = {Proceedings of the 9th ACM SIGPLAN-SIGACT Symposium on Principles of Programming Languages},
    pages = {207–212},
    numpages = {6},
    location = {Albuquerque, New Mexico},
    series = {POPL '82}
}


@Thesis{Damas1984,
    author      = {Luis Manuel Martins Damas},
    title       = {Type Assignment in Programming Languages},
    type        = {phdthesis}, % mathesis and phdthesis work here
    institution = {University of Edinburgh},
    year        = {1984},
}


@article{Martelli1982,
    author = {Martelli, Alberto and Montanari, Ugo},
    title = {An Efficient Unification Algorithm},
    year = {1982},
    issue_date = {April 1982},
    publisher = {Association for Computing Machinery},
    address = {New York, NY, USA},
    volume = {4},
    number = {2},
    issn = {0164-0925},
    url = {https://doi.org/10.1145/357162.357169},
    doi = {10.1145/357162.357169},
    journal = {ACM Trans. Program. Lang. Syst.},
    month = {apr},
    pages = {258–282},
    numpages = {25}
}